@techreport{RFC2328,
  author = {John Moy},
  title = {OSPF Version 2},
  howpublished = {Internet Requests for Comments},
  type = {STD},
  number = {54},
  year = {1998},
  month = {April},
  issn = {2070-1721},
  publisher = {RFC Editor},
  institution = {RFC Editor},
  url = {http://www.rfc-editor.org/rfc/rfc2328.txt},
  note = {\url{http://www.rfc-editor.org/rfc/rfc2328.txt}},
 }

@techreport{RFC2453,
  author = {Gary Scott Malkin},
  title = {RIP Version 2},
  howpublished = {Internet Requests for Comments},
  type = {STD},
  number = {56},
  year = {1998},
  month = {November},
  issn = {2070-1721},
  publisher = {RFC Editor},
  institution = {RFC Editor},
  url = {http://www.rfc-editor.org/rfc/rfc2453.txt},
  note = {\url{http://www.rfc-editor.org/rfc/rfc2453.txt}},
 }

@misc{wiki:Eventual_consistency,
   author = "Wikipedia",
   title = "{Eventual consistency} --- {W}ikipedia{,} The Free Encyclopedia",
   year = "2021",
   howpublished = {\url{http://en.wikipedia.org/w/index.php?title=Eventual\%20consistency&oldid=1006837918}},
   note = "[Online; accessed 05-March-2021]"
 }
 
@misc{wiki:Round-trip_delay,
   author = "Wikipedia",
   title = "{Round-trip delay} --- {W}ikipedia{,} The Free Encyclopedia",
   year = "2021",
   howpublished = {\url{http://en.wikipedia.org/w/index.php?title=Round-trip\%20delay&oldid=1002445310}},
   note = "[Online; accessed 08-March-2021]"
 }
 
@misc{wiki:Packet_loss,
   author = "Wikipedia",
   title = "{Packet loss} --- {W}ikipedia{,} The Free Encyclopedia",
   year = "2021",
   howpublished = {\url{http://en.wikipedia.org/w/index.php?title=Packet\%20loss&oldid=1003607742}},
   note = "[Online; accessed 08-March-2021]"
 }
 
@techreport{RFC1242,
  author = {S. Bradner},
  title = {Benchmarking Terminology for Network Interconnection Devices},
  howpublished = {Internet Requests for Comments},
  type = {RFC},
  number = {1242},
  year = {1991},
  month = {July},
  issn = {2070-1721},
  publisher = {RFC Editor},
  institution = {RFC Editor},
  note = "p. 4"
 }

@misc{definition:round-trip_delay_time,
  author = "National Telecommunications and Information Administration's Institute for Telecommunication Sciences in Boulder, Colorado",
  title = "{Definition: round-trip delay time}",
  year = "2021",
  howpublished = {\url{https://www.its.bldrdoc.gov/fs-1037/dir-031/_4641.htm}},
  note = "[Online; accessed 08-March-2021]"
 }
 
@article{eventual_consistency:10.1145/1435417.1435432,
author = {Vogels, Werner},
title = {Eventually Consistent},
year = {2009},
issue_date = {January 2009},
publisher = {Association for Computing Machinery},
address = {New York, NY, USA},
volume = {52},
number = {1},
issn = {0001-0782},
url = {https://doi.org/10.1145/1435417.1435432},
doi = {10.1145/1435417.1435432},
abstract = {Building reliable distributed systems at a worldwide scale demands trade-offs between consistency and availability.},
journal = {Commun. ACM},
month = jan,
pages = {40–44},
numpages = {5}
}

@book{networking:best-effort-service,
      title     = "Компьютерные сети. Принципы, технологии, протоколы: Учебник для вузов. 4-е изд.",
      author    = "Олифер В. Г., Олифер Н. А.",
      year      = 2010,
      publisher = "СПб.: Питер",
      pages = "121",
    }

@misc{wiki:Time_to_live,
   author = "Wikipedia",
   title = "{Time to live} --- {W}ikipedia{,} The Free Encyclopedia",
   year = "2021",
   howpublished = {\url{http://ru.wikipedia.org/w/index.php?title=Time\%20to\%20live&oldid=105719762}},
   note = "[Online; accessed 08-March-2021]"
 }
 
@misc{Google_protobuf,
  title = {Protocol Buffers},
  howpublished = {\url{https://developers.google.com/protocol-buffers}},
  note = {Online; accessed 17-March-2021}
}

@techreport{RAFT,
  author = {Diego Ongaro, John Ousterhouty},
  title = {In Search of an Understandable Consensus Algorithm},
  howpublished = {USENIX ATC ’14: 2014 USENIX Annual Technical Conference},
  institution = {Stanford University},
  year = {2014},
  month = {June},
  issn = {978-1-931971-10-2},
 }
 
@misc{RAFT_performance_1808.01081,
Author = {Dongyan Huang and Xiaoli Ma and Shengli Zhang},
Title = {Performance Analysis of the Raft Consensus Algorithm for Private Blockchains},
Year = {2018},
Eprint = {arXiv:1808.01081},
}

@misc{CAP_Theorem,
Author = {Seth Gilbert, Nancy A. Lynch},
Title = {Perspectives on the CAP Theorem},
Year = {2012},
}

@misc{bitarray,
  author = {Ilan Schnell},
  title = {bitarray},
  year = {2008},
  publisher = {GitHub},
  journal = {GitHub repository},
  howpublished = {\url{https://github.com/ilanschnell/bitarray}}
}

@techreport{mpi_standard,
  author = {Message Passing Interface Forum},
  title = {MPI: A Message-Passing Interface Standard. Version 4.0},
  howpublished = {Message Passing Interface Forum},
  year = {2021},
 }
